@misc{linux-containers,
    Note = {\url{https://linuxcontainers.org/}},
    title = {Linux containers project},
 }
@misc{lxc,
    Note = {\url{https://linuxcontainers.org/lxc/introduction/}},
    title = {lxc: container tool utility},
 }
@misc{lxd,
    Note = {\url{https://linuxcontainers.org/lxd/introduction/}},
    title = {lxd: container tool utility},
 }
@misc{linux-container,
    Note = {\url{https://linuxcontainers.org/}},
    title = {Linux containers project},
 }
@misc{virtualization,
    Note = {\url{https://en.wikipedia.org/wiki/Virtualization}},
    title = {Virtualization},
 }
@misc{react,
    Note = {\url{https://reactjs.org/}},
    title = {React: javascript framework},
 }
@misc{redux,
    Note = {\url{https://redux.js.org/}},
    title = {Redux: State Container},
 }

@misc{containers,
    Note = {\url{https://github.com/saschagrunert/demystifying-containers}},
    title = {Information and history of containers},
 }

@misc{red-hat,
    Note = {\url{https://www.redhat.com/en/topics/containers/whats-a-linux-container}},
    title = {Red Hat containers},
 }
@misc{remmina,
    Note = {\url{https://remmina.org/}},
    title = {Remmina access screeen and file sharing},
 }
@misc{rsync,
    Note = {\url{https://rsync.samba.org/}},
    title = {Rsync tool},
 }

